@article{griffiths2005infinite,
  title={Infinite latent feature models and the Indian buffet process},
  author={Griffiths, Thomas and Ghahramani, Zoubin},
  year={2005},
  publisher={Gatsby Unit}
}

@article{blei2003latent,
  title={Latent Dirichlet Allocation},
  author={Blei, David M and Ng, Andrew Y and Jordan, Michael I},
  journal={Journal of Machine Learning Research},
  volume={3},
  pages={993--1022},
  year={2003},
  publisher={JMLR. org}
}

@techreport{ibp2012matlab,
    author    = {Ilker Yildirim},
    title     = {Bayesian Statistics: Indian Buffet Process},
    institution = {Department of Brain and Cognitive Sciences},
    year      = {2012},
    note     = {Gatsby Unit Technical Report GCNU-TR-2005-001}
}

@misc{ibp2012code,
    author    = {Ilker Yildirim},
    title     = {Indian Buffet Process -- Sample Code},
    howpublished = {\url{http://www.mit.edu/~ilkery/}},
    note = {Online; accessed 2015}
}

@article{yildirimbayesian,
  title={A Bayesian Nonparametric Approach to Multisensory Perception},
  author={Yildirim, Ilker and Jacobs, Robert A},
  year = {2010}
}

@article{gershman2012tutorial,
  title={A tutorial on Bayesian nonparametric models},
  author={Gershman, Samuel J and Blei, David M},
  journal={Journal of Mathematical Psychology},
  volume={56},
  number={1},
  pages={1--12},
  year={2012},
  publisher={Elsevier}
}

@article{crp2004hierarchical,
  title={Hierarchical topic models and the nested Chinese restaurant process},
  author={Griffiths, DMBTL and Tenenbaum, MIJJB},
  journal={Advances in neural information processing systems},
  volume={16},
  pages={17},
  year={2004},
  publisher={The MIT Press}
}

@inproceedings{williamson2009focused,
  title={Focused topic models},
  author={Williamson, Sinead and Wang, Chong and Heller, Katherine and Blei, David},
  booktitle={NIPS workshop on Applications for Topic Models: Text and Beyond, Whistler, Canada},
  year={2009}
}

@inproceedings{thibaux2007hierarchical,
  title={Hierarchical beta processes and the Indian buffet process},
  author={Thibaux, Romain and Jordan, Michael I},
  booktitle={International conference on artificial intelligence and statistics},
  pages={564--571},
  year={2007}
}

@article{doshi2008variational,
  title={Variational inference for the Indian buffet process},
  author={Doshi, Finale and Miller, Kurt Tadayuki and Van Gael, Jurgen and Teh, Yee Whye},
  year={2008}
}