@techreport{griffiths2005detailed,
  title={Infinite latent feature models and the Indian buffet process},
  author={Griffiths, Thomas and Ghahramani, Zoubin},
  institution={Gatsby Computational Neuroscience Unit},
  year={2005}
}