@inproceedings{griffiths2005infinite,
  title={Infinite latent feature models and the Indian buffet process},
  author={Griffiths, Thomas and Ghahramani, Zoubin},
  booktitle={Advances in Neural Information Processing Systems},
  volume={18},
  year={2005},
  publisher={NIPS Proceedings}
}

@techreport{griffiths2005detailed,
  title={Infinite latent feature models and the Indian buffet process},
  author={Griffiths, Thomas and Ghahramani, Zoubin},
  institution={Gatsby Computational Neuroscience Unit},
  year={2005}
}

@article{blei2003latent,
  title={Latent Dirichlet Allocation},
  author={Blei, David M and Ng, Andrew Y and Jordan, Michael I},
  journal={Journal of Machine Learning Research},
  volume={3},
  pages={993--1022},
  year={2003},
  publisher={JMLR. org}
}

@misc{ibp2012matlab,
    author    = {Ilker Yildirim},
    title     = {Bayesian Statistics: Indian Buffet Process},
    howpublished = {\url{http://www.bcs.rochester.edu/people/robbie/jacobslab/cheat_sheet/IndianBuffetProcess.pdf}},
    year      = {2012},
    note     = {Online; accessed 2015}
}

@misc{ibp2012code,
    author    = {Ilker Yildirim},
    title     = {Indian Buffet Process -- Sample Code},
    howpublished = {\url{http://www.mit.edu/~ilkery/}},
    note = {Online; accessed 2015}
}

@misc{ibpgithub,
    author    = {David Andrzejewski},
    title     = {Python IBP (PyIBP)},
    howpublished = {\url{https://github.com/davidandrzej/PyIBP}},
    note = {Online; accessed 2015}
}

@inproceedings{doshi2009accelerated,
  title={Accelerated sampling for the Indian buffet process},
  author={Doshi-Velez, Finale and Ghahramani, Zoubin},
  booktitle={Proceedings of the 26th Annual International Conference on Machine Learning},
  pages={273--280},
  year={2009},
  organization={ACM}
}

@article{andrzejewski2011accelerated,
  title={Accelerated Gibbs Sampling for Infinite Sparse Factor Analysis},
  author={Andrzejewski, D. M.},
  journal={Lawrence Livermore National Laboratory (LLNL), Livermore, CA, Tech. Rep},
  year={2011}
}

@inproceedings{yildirimbayesian,
  title={A Bayesian Nonparametric Approach to Multisensory Perception},
  author={Yildirim, Ilker and Jacobs, Robert A},
  booktitle={The annual meeting of the Cognitive Science society},
  pages={2633--2638},
  year = {2010}
}

@article{gershman2012tutorial,
  title={A tutorial on Bayesian nonparametric models},
  author={Gershman, Samuel J and Blei, David M},
  journal={Journal of Mathematical Psychology},
  volume={56},
  number={1},
  pages={1--12},
  year={2012},
  publisher={Elsevier}
}

@article{crp2004hierarchical,
  title={Hierarchical topic models and the nested Chinese restaurant process},
  author={Blei, D. M. and Griffiths, T. L. and Jordan, M. I. and Tenenbaum, J. B.},
  journal={Advances in neural information processing systems},
  volume={16},
  pages={17},
  year={2004},
  publisher={The MIT Press}
}

@inproceedings{williamson2009focused,
  title={Focused topic models},
  author={Williamson, Sinead and Wang, Chong and Heller, Katherine and Blei, David},
  booktitle={NIPS workshop on Applications for Topic Models: Text and Beyond, Whistler, Canada},
  year={2009}
}

@inproceedings{thibaux2007hierarchical,
  title={Hierarchical beta processes and the Indian buffet process},
  author={Thibaux, Romain and Jordan, Michael I},
  booktitle={International conference on artificial intelligence and statistics},
  pages={564--571},
  year={2007}
}

@inproceedings{doshi2008variational,
  title={Variational inference for the Indian buffet process},
  author={Doshi, Finale and Miller, Kurt Tadayuki and Van Gael, Jurgen and Teh, Yee Whye},
  booktitle={Proceedings of the 12th International Conference on Artificial Intelligence and Statistics},
  volume={5},
  year={2008}
}

@misc{numba,
    author={Numba package in Python},
    title={Numba},
    howpublished = {\url{http://numba.pydata.org/}},
    note = {Online; accessed 2015}
}

@misc{matrixmult,
    author={Yao-Wen Chang},
    title={Unit 4: Dynamic Programming},
    howpublished = {\url{http://cc.ee.ntu.edu.tw/~ywchang/Courses/Alg/unit4.pdf}},
    year = {2014},
    note = {Online; accessed 2015}
}